@incollection{choi2010multiple,
  title={Multiple target tracking in world coordinate with single, minimally calibrated camera},
  author={Choi, Wongun and Savarese, Silvio},
  booktitle={Computer Vision--ECCV 2010},
  pages={553--567},
  year={2010},
  publisher={Springer}
}

@inproceedings{choi2011detecting,
  title={Detecting and tracking people using an rgb-d camera via multiple detector fusion},
  author={Choi, Wongun and Pantofaru, Caroline and Savarese, Silvio},
  booktitle={Computer Vision Workshops (ICCV Workshops), 2011 IEEE International Conference on},
  pages={1076--1083},
  year={2011},
  organization={IEEE}
}

@inproceedings{zhao2004tracking,
  title={Tracking multiple humans in crowded environment},
  author={Zhao, Tao and Nevatia, Ramakant},
  booktitle={Computer Vision and Pattern Recognition, 2004. CVPR 2004. Proceedings of the 2004 IEEE Computer Society Conference on},
  volume={2},
  pages={II--406},
  year={2004},
  organization={IEEE}
}

@article{green1995reversible,
  title={Reversible jump Markov chain Monte Carlo computation and Bayesian model determination},
  author={Green, Peter J},
  journal={Biometrika},
  volume={82},
  number={4},
  pages={711--732},
  year={1995},
  publisher={Biometrika Trust}
}

@misc{zoom2013,
  author={rotateright},
  title={Zoom},
  howpublished={\url{http://www.rotateright.com/zoom/}},
  note={Accessed: 2013-12-16},
}